<?xml version="1.0" encoding="UTF-8"?>
<OAI-PMH xmlns="http://www.openarchives.org/OAI/2.0/" xmlns:xsi="http://www.w3.org/2001/XMLSchema-instance" xsi:schemaLocation="http://www.openarchives.org/OAI/2.0/ http://www.openarchives.org/OAI/2.0/OAI-PMH.xsd">
<ListRecords>
<record>
<header status="updated">
<identifier>urm_publish:71286317990002121</identifier>
</header>
<metadata>
<record xmlns="http://www.loc.gov/MARC21/slim" xmlns:xsi="http://www.w3.org/2001/XMLSchema-instance" xsi:schemaLocation="http://www.loc.gov/MARC21/slim http://www.loc.gov/standards/marcxml/schema/MARC21slim.xsd" ><leader>01424cas a22003737a 4500</leader><controlfield tag="005">20020724151639.0</controlfield><controlfield tag="008">860512d18841961wiuwr ne      0uuu 0eng d</controlfield><controlfield tag="001">999569477902121</controlfield><datafield tag="010" ind1=" " ind2=" "><subfield code="a">sn 86086467 </subfield></datafield><datafield tag="035" ind1=" " ind2=" "><subfield code="a">(OCoLC)13556418</subfield></datafield><datafield tag="035" ind1=" " ind2=" "><subfield code="9">AFX8909UW</subfield></datafield><datafield tag="035" ind1=" " ind2=" "><subfield code="a">(WU)1043896-uwmadisondb</subfield></datafield><datafield tag="040" ind1=" " ind2=" "><subfield code="a">WU</subfield><subfield code="b">eng</subfield><subfield code="c">WU</subfield></datafield><datafield tag="042" ind1=" " ind2=" "><subfield code="a">msc</subfield></datafield><datafield tag="045" ind1=" " ind2=" "><subfield code="a">w8x6</subfield></datafield><datafield tag="052" ind1=" " ind2=" "><subfield code="a">4123</subfield><subfield code="b">S3</subfield></datafield><datafield tag="245" ind1="0" ind2="4"><subfield code="a">The Weekly home news.</subfield></datafield><datafield tag="260" ind1=" " ind2=" "><subfield code="a">Spring Green, Wis. :</subfield><subfield code="b">P.W. Meehan,</subfield><subfield code="c">1884-1961.</subfield></datafield><datafield tag="300" ind1=" " ind2=" "><subfield code="a">78 volumes :</subfield><subfield code="b">illustrations</subfield></datafield><datafield tag="310" ind1=" " ind2=" "><subfield code="a">Weekly</subfield></datafield><datafield tag="336" ind1=" " ind2=" "><subfield code="a">text</subfield><subfield code="b">txt</subfield><subfield code="2">rdacontent</subfield></datafield><datafield tag="337" ind1=" " ind2=" "><subfield code="a">unmediated</subfield><subfield code="b">n</subfield><subfield code="2">rdamedia</subfield></datafield><datafield tag="338" ind1=" " ind2=" "><subfield code="a">volume</subfield><subfield code="b">nc</subfield><subfield code="2">rdacarrier</subfield></datafield><datafield tag="362" ind1="0" ind2=" "><subfield code="a">Vol. 3, no. 20 (Feb. 21, 1884)-80th year, no. 30 (Feb. 2, 1961).</subfield></datafield><datafield tag="500" ind1=" " ind2=" "><subfield code="a">Publisher varies.</subfield></datafield><datafield tag="500" ind1=" " ind2=" "><subfield code="a">"Serving Spring Green, Plain and adjacent areas."</subfield></datafield><datafield tag="500" ind1=" " ind2=" "><subfield code="a">Editors: P.W. Meehan, Feb. 21, 1884-Nov. 15, 1888; W.R. Purdy, Nov. 22, 1888-Jan. 6, 1916; Mrs. R.H. Purdy, Jan. 19, 1939-July 2, 1942; C. Spalthoff, July 9, 1942-Dec. 28, 1944; V.E. Hill, Jan. 4, 1945-Feb. 2, 1961.</subfield></datafield><datafield tag="525" ind1=" " ind2=" "><subfield code="a">Supplements accompany some issues.</subfield></datafield><datafield tag="651" ind1=" " ind2="0"><subfield code="a">Spring Green (Wis.)</subfield><subfield code="v">Newspapers.</subfield><subfield code="2">LCSH</subfield></datafield><datafield tag="752" ind1=" " ind2=" "><subfield code="a">United States</subfield><subfield code="b">Wisconsin</subfield><subfield code="c">Sauk</subfield><subfield code="d">Spring Green.</subfield><subfield code="2">NULL</subfield></datafield><datafield tag="752" ind1=" " ind2=" "><subfield code="a">United States</subfield><subfield code="b">Wisconsin</subfield><subfield code="c">Sauk</subfield><subfield code="d">Plain.</subfield><subfield code="2">NULL</subfield></datafield><datafield tag="780" ind1="0" ind2="0"><subfield code="t">Spring Green news</subfield><subfield code="w">(DLC)sn 86086466</subfield></datafield><datafield tag="785" ind1="0" ind2="0"><subfield code="t">Weekly home news of the River Valley area</subfield><subfield code="w">(DLC)sn 86086468</subfield></datafield><datafield tag="997" ind1=" " ind2=" "><subfield code="a">MARCIVE</subfield></datafield><datafield tag="INST" ind1=" " ind2=" "><subfield code="a">01UWI_NETWORK</subfield><subfield code="b">P</subfield><subfield code="c">71286317990002121</subfield></datafield><datafield tag="INST" ind1=" " ind2=" "><subfield code="a">01UWI_MAD</subfield><subfield code="b">P</subfield><subfield code="c">21533353470002122</subfield></datafield><datafield tag="AVA" ind1=" " ind2=" "><subfield code="0">9910438963602122</subfield><subfield code="8">22533353460002122</subfield><subfield code="a">01UWI_MAD</subfield><subfield code="b">WHSLIBRARY</subfield><subfield code="c">Microforms</subfield><subfield code="d">Micro film P28744 37n</subfield><subfield code="e">check_holdings</subfield><subfield code="j">mic</subfield><subfield code="k">8</subfield><subfield code="p">1</subfield><subfield code="q">Wisconsin Historical Society Library</subfield><subfield code="t">1884:Feb 21-1886</subfield><subfield code="t">1887-1890</subfield><subfield code="t">1891-1894</subfield><subfield code="t">1895-1898</subfield><subfield code="t">1899-1901</subfield><subfield code="t">1902:Jan 2-Nov 27</subfield><subfield code="t">1902:Dec 4-1904:May 19</subfield><subfield code="t">1904:May 26-1905:Nov 2</subfield><subfield code="t">1905:Nov 9-1907:Apr 25</subfield><subfield code="t">1907:May 2-1908:Sep 24</subfield><subfield code="t">1908:Oct 1-1910:Jan 27</subfield><subfield code="t">1910:Feb 3-1911:Jul 13</subfield><subfield code="t">1911:Jul 20-1912:Dec 12</subfield><subfield code="t">1912:Dec 19-1914:May 28</subfield><subfield code="t">1914:Jun 4-1915:Oct 28</subfield><subfield code="t">1915:Nov 4-1917:Mar 22</subfield><subfield code="t">1917:Mar 29-1918:Dec 12</subfield><subfield code="t">1918:Dec 19-1920:Sep 9</subfield><subfield code="t">1920:Sep 9-1922:May 25</subfield><subfield code="t">1922:Jun 1-1924:Feb 28</subfield><subfield code="t">1924:Mar 6-1925:Nov 19</subfield><subfield code="t">1925:Nov 26-1927:Jul 28</subfield><subfield code="t">1927:Aug 4-1929:Apr 11</subfield><subfield code="t">1929:Apr 18-1930:Dec 25</subfield><subfield code="t">1931:Jan 1-1932:Sep 29</subfield><subfield code="t">1932:Oct 6-1934:Jun 28</subfield><subfield code="t">1934:Jul 5-1936:Mar 19</subfield><subfield code="t">1936:Mar 26-1937:Nov 25</subfield><subfield code="t">1937:Dec 2-1938:Dec 29</subfield><subfield code="t">1939:Jan 5-1942:Oct 1</subfield><subfield code="t">1942:Oct 8-1944:Dec 31</subfield><subfield code="t">1945-1947</subfield><subfield code="t">1948-1951</subfield><subfield code="t">1952-1954</subfield><subfield code="t">1955-1957</subfield><subfield code="t">1958-1960</subfield><subfield code="t">1961:Jan 5-Feb 2</subfield></datafield><datafield tag="MMS" ind1=" " ind2=" "><subfield code="b">999569477902121</subfield><subfield code="a">01UWI_NETWORK</subfield></datafield><datafield tag="MMS" ind1=" " ind2=" "><subfield code="b">9910438963602122</subfield><subfield code="a">01UWI_MAD</subfield></datafield></record>
</metadata>
</record>
</ListRecords>
</OAI-PMH>